<?xml version="1.0" encoding="UTF-8"?><collection xmlns="http://www.loc.gov/MARC21/slim"><record><leader>00379nam--2200109-i-4500</leader><controlfield tag="001">000006502</controlfield><controlfield tag="002">20161230</controlfield><controlfield tag="005">20161230201026</controlfield><controlfield tag="008">060222s1000------------r-----000-0-eng-d</controlfield><datafield ind1=" " ind2=" " tag="245"><subfield code="a">Colloque sur le traitement et l entreposage des dechets fortement radioactifs. vienne, 8-13 oct., 1962. resumes des memoires</subfield></datafield><datafield ind1=" " ind2=" " tag="260"><subfield code="a">Vienne, Agence Intern.De L Energie Atom., 1962 28p</subfield></datafield><datafield ind1=" " ind2=" " tag="852"><subfield code="a">19167</subfield></datafield></record></collection>